00592cas a22002291a 4500
001 999298523502836
003 Nz
005 20161223153030.0
008 040106d1970uuuunz  r ne      0   0 eng d
035    $a (NLNZils)929852
035    $a (Nz)8164665
035    $a (NLNZils)929852-ilsdb
035    $a (OCoLC)173421763
040    $a WN $c WN
042    $a nznb
043    $a u-nz---
245 00 $a Manawatu farmer.
260    $a [Palmerston North, N.Z. : $b s.n., $c 1970-?]
310    $a Weekly
362 0  $a 1970-?
651  0 $a Manawatu District (N.Z.) $v Newspapers.
655  7 $a New Zealand newspapers. $2 local $5 Nz
